@string{siims="SIAM Journal on Imaging Sciences"}
@string{ijcv   = {International Journal of Computer Vision}}
@string{tip    = {IEEE Transactions on Image Processing}}
@string{cvpr="CVPR"}


@inproceedings{Kimmel98,
  author    = {Ron Kimmel and Ravi Malladi and Nir A. Sochen},
  title     = {Image Processing via the {B}eltrami Operator},
  booktitle = {ACCV},
  year      = {1998},
  pages     = {574--581},
  volume    = {1351},
  publisher = {Springer},
}

@article{Brook03,
  author    = {Alexander Brook and Ron Kimmel and Nir A. Sochen},
  title     = {Variational Restoration and Edge Detection for Color Images},
  journal   = {Journal of Mathematical Imaging and Vision},
  volume    = {18},
  number    = {3},
  year      = {2003},
  pages     = {247-268},
}

@Article{Grady-Alvino-tip09,
  author = 	 "L. Grady and C. Alvino",
  title = 	 "The Piecewise Smooth {M}umford-{S}hah Functional on an Arbitrary Graph", 
  journal =	 tip,
  year =	 "2009",
  volume =	 "18",
  number =	 "11"
}

@article {Mora,
    AUTHOR = {Maria Giovanna Mora},
     TITLE = {The Calibration Method for Free-Discontinuity Problems on Vector-Valued Maps},
   JOURNAL = {J. Convex Anal.},
  FJOURNAL = {Journal of Convex Analysis},
    VOLUME = {9},
      YEAR = {2002},
    NUMBER = {1},
     PAGES = {1--29},
}


@article {MumShah,
    AUTHOR = {Mumford, David and Shah, Jayant},
     TITLE = {Optimal approximations by piecewise smooth functions and
              associated variational problems},
   JOURNAL = {Comm. Pure Appl. Math.},
  FJOURNAL = {Communications on Pure and Applied Mathematics},
    VOLUME = {42},
      YEAR = {1989},
    NUMBER = {5},
     PAGES = {577--685},
      ISSN = {0010-3640},
     CODEN = {CPAMA},
   MRCLASS = {49F20 (41A30 92A27)},
  MRNUMBER = {997568 (90g:49033)},
MRREVIEWER = {Constantin Udri{\c{s}}te},
       DOI = {10.1002/cpa.3160420503},
       URL = {http://dx.doi.org/10.1002/cpa.3160420503},
}

@article {ABDM,
    AUTHOR = {Alberti, Giovanni and Bouchitt{\'e}, Guy and Dal Maso, Gianni},
     TITLE = {The calibration method for the {M}umford-{S}hah functional and
              free-discontinuity problems},
   JOURNAL = {Calc. Var. Partial Differential Equations},
  FJOURNAL = {Calculus of Variations and Partial Differential Equations},
    VOLUME = {16},
      YEAR = {2003},
    NUMBER = {3},
     PAGES = {299--333},
      ISSN = {0944-2669},
   MRCLASS = {49J45 (49Q20)},
  MRNUMBER = {2001706 (2004k:49029)},
MRREVIEWER = {Giandomenico Orlandi},
       DOI = {10.1007/s005260100152},
       URL = {http://dx.doi.org/10.1007/s005260100152},
}

@article {PCBC-SIIMS,
    AUTHOR = {Pock, Thomas and Cremers, Daniel and Bischof, Horst and
              Chambolle, Antonin},
     TITLE = {Global solutions of variational models with convex
              regularization},
   JOURNAL = {SIAM J. Imaging Sci.},
  FJOURNAL = {SIAM Journal on Imaging Sciences},
    VOLUME = {3},
      YEAR = {2010},
    NUMBER = {4},
     PAGES = {1122--1145},
      ISSN = {1936-4954},
   MRCLASS = {49M20 (65K15 68U10)},
  MRNUMBER = {2763711},
}
@INPROCEEDINGS{PockECCV,
  author = {T. Pock and T. Schoenemann and
		 G. Graber and H. Bischof and D. Cremers} ,
  title = {A Convex Formulation of Continuous Multi-Label Problems} ,
  month = {October} ,
  year = {2008} ,
  booktitle = {European Conference on Computer Vision (ECCV)} ,
  address = {Marseille, France} ,
}
@Article{Ishikawa,
  author =       {Ishikawa, H.},
  title =        {Exact optimization for {M}arkov random fields with convex priors},
  journal =      {IEEE Trans. Pattern Analysis and Machine Intelligence},
  year =         {2003},
  OPTkey =       {},
  volume =       {25},
  number =       {10},
  pages =        {1333-1336},
}
@InProceedings{IshikawaGeiger98,
  author =       {H. Ishikawa and D. Geiger},
  title =        {Segmentation by grouping junctions},
  OPTcrossref =  {},
  OPTkey =       {},
  booktitle = {IEEE Conf. Computer Vision and Pattern Recognition},
  pages =        {125--131},
  year =         {1998},
}
@article {ChJCA,
    AUTHOR = {Chambolle, Antonin},
     TITLE = {Convex representation for lower semicontinuous envelopes of
              functionals in {$L^1$}},
   JOURNAL = {J. Convex Anal.},
  FJOURNAL = {Journal of Convex Analysis},
    VOLUME = {8},
      YEAR = {2001},
    NUMBER = {1},
     PAGES = {149--170},
      ISSN = {0944-6532},
   MRCLASS = {49J45 (49J53 49Q20)},
  MRNUMBER = {1829060 (2002c:49021)},
MRREVIEWER = {Silvia Mataloni},
}
@book {Giusti,
    AUTHOR = {Giusti, Enrico},
     TITLE = {Minimal surfaces and functions of bounded variation},
    SERIES = {Monographs in Mathematics},
    VOLUME = {80},
 PUBLISHER = {Birkh\"auser Verlag},
   ADDRESS = {Basel},
      YEAR = {1984},
     PAGES = {xii+240},
      ISBN = {0-8176-3153-4},
   MRCLASS = {58E12 (49F10 53A10)},
  MRNUMBER = {775682 (87a:58041)},
MRREVIEWER = {Helmut Kaul},
}
@Book{GMS-CC,
  author = 	 {Giaquinta, Mariano and Modica, Giuseppe and Sou{\v{c}}ek,
              Ji{\v{r}}{\'{\i}}},
  title = 	 {Cartesian currents in the calculus of variations {I}, {II}.},
  OPTkey = 	 {},
  volume = 	 {37-38},
  OPTnumber = 	 {},
  series =       {Ergebnisse der Mathematik und ihrer Grenzgebiete. 3.},
  PUBLISHER = {Springer-Verlag},
  ADDRESS = {Berlin},
  YEAR = {1998},
}

@book {MR1645086,
    AUTHOR = {Giaquinta, Mariano and Modica, Giuseppe and Sou{\v{c}}ek,
              Ji{\v{r}}{\'{\i}}},
     TITLE = {Cartesian currents in the calculus of variations. {I}},
    SERIES = {Ergebnisse der Mathematik und ihrer Grenzgebiete. 3. Folge. A
              Series of Modern Surveys in Mathematics [Results in
              Mathematics and Related Areas. 3rd Series. A Series of Modern
              Surveys in Mathematics]},
    VOLUME = {37},
      NOTE = {Cartesian currents},
 PUBLISHER = {Springer-Verlag},
   ADDRESS = {Berlin},
      YEAR = {1998},
     PAGES = {xxiv+711},
      ISBN = {3-540-64009-6},
   MRCLASS = {49-02 (49Jxx 49Qxx 58A25)},
  MRNUMBER = {1645086 (2000b:49001a)},
MRREVIEWER = {Ernst C. Kuwert},
}
@book {MR1645082,
    AUTHOR = {Giaquinta, Mariano and Modica, Giuseppe and Sou{\v{c}}ek,
              Ji{\v{r}}{\'{\i}}},
     TITLE = {Cartesian currents in the calculus of variations. {II}},
    SERIES = {Ergebnisse der Mathematik und ihrer Grenzgebiete. 3. Folge. A
              Series of Modern Surveys in Mathematics [Results in
              Mathematics and Related Areas. 3rd Series. A Series of Modern
              Surveys in Mathematics]},
    VOLUME = {38},
      NOTE = {Variational integrals},
 PUBLISHER = {Springer-Verlag},
   ADDRESS = {Berlin},
      YEAR = {1998},
     PAGES = {xxiv+697},
      ISBN = {3-540-64010-X},
   MRCLASS = {49-02 (49Jxx 49Qxx 58A25)},
  MRNUMBER = {1645082 (2000b:49001b)},
MRREVIEWER = {Ernst C. Kuwert},
}
@book {AFP,
    AUTHOR = {Luigi Ambrosio, and Nicola Fusco, and Diego Pallara},
     TITLE = {Functions of bounded variation and free discontinuity problems},
    SERIES = {Oxford Mathematical Monographs},
 PUBLISHER = {The Clarendon Press Oxford University Press},
   ADDRESS = {New York},
      YEAR = {2000},
     PAGES = {xviii+434},
      ISBN = {0-19-850245-1},
   MRCLASS = {49-02 (49J45 49K10 49Qxx)},
  MRNUMBER = {1857292 (2003a:49002)},
MRREVIEWER = {J. E. Brothers},
}
@BOOK{BV,
  author = {Luigi Ambrosio, and Nicola Fusco, and Diego Pallara},
  title = {Functions of Bounded Variation and Free Discontinuity Problems},
  publisher =  {Oxford University Press},
  year = {2000},
  address = {USA},
}

@article {AmbrosioCompact,
    AUTHOR = {Ambrosio, Luigi},
     TITLE = {A compactness theorem for a new class of functions of bounded
              variation},
   JOURNAL = {Boll. Un. Mat. Ital. B (7)},
  FJOURNAL = {Unione Matematica Italiana. Bollettino. B. Serie VII},
    VOLUME = {3},
      YEAR = {1989},
    NUMBER = {4},
     PAGES = {857--881},
     CODEN = {BLUMAM},
   MRCLASS = {49A21 (26A45 46A50 46F10)},
  MRNUMBER = {1032614 (90k:49005)},
MRREVIEWER = {C. S. Sharma},
}


@INPROCEEDINGS{PCBC-ICCV09,
  author    = {T. Pock and D. Cremers and H. Bischof and A. Chambolle},
  title     = {An Algorithm for Minimizing the Piecewise Smooth {M}umford-{S}hah Functional},  
  booktitle = {ICCV},
  year      = {2009},
  titleurl  = "pock_et_al_iccv09.pdf",
  topic     = {Convex Relaxation Methods},
  keywords  = {convex-relaxation}
}
  address   = {Kyoto, Japan},


@inproceedings{PZB07,
  author    = {Thomas Pock and
               Christopher Zach and
               Horst Bischof},
  title     = {{M}umford-{S}hah Meets Stereo: Integration of Weak Depth Hypotheses},
  booktitle = cvpr,
  year      = {2007},
}
@article {cracktip,
    AUTHOR = {Bonnet, A. and David, G.},
     TITLE = {Cracktip is a global {M}umford-{S}hah minimizer},
   JOURNAL = {Ast\'erisque},
  FJOURNAL = {Ast\'erisque},
    NUMBER = {274},
      YEAR = {2001},
     PAGES = {vi+259},
      ISSN = {0303-1179},
   MRCLASS = {49Q20 (49J10 49N60)},
  MRNUMBER = {MR1864620 (2003e:49067)},
MRREVIEWER = {Piotr Haj{\l}asz},
}


@inproceedings{Xu-et-al-11,
  author = {Xu, Li and Lu, Cewu and Xu, Yi and Jia, Jiaya},
  title = {Image Smoothing via $L_0$ Gradient Minimization},
  booktitle = {Proceedings of  SIGGRAPH Asia},
  year = {2011},
  pages = {174:1--174:12},
  articleno = {174},
  numpages = {12},
  publisher = {ACM},
} 

@inProceedings{Veksler-cvpr07,
  author    = {O. Veksler},
  title     = {Graph cut based optimization for MRFs with truncated convex priors}, 
  booktitle = cvpr,
  year      = {2007},
}

@inProceedings{Strekalovskiy-et-al-cvpr12,
  author    = {E. Strekalovskiy and A. Chambolle and D. Cremers},
  title     = {A Convex Representation for the Vectorial Mumford-Shah Functional},
  booktitle = cvpr,
  year      = {2012},
  address   = {Providence, Rhode Island},
  month     = jun,
}


@ARTICLE{Pock-et-al-siims10,
	author    = {T. Pock and D. Cremers and H. Bischof and A. Chambolle},
	title     = {Global Solutions of Variational Models with Convex Regularization},
	journal   = {SIAM J. Imaging Sciences},
	year      = {2010},
	volume    = {3},
	number    = {4},
	pages     = {1122--1145},
}


@ARTICLE{Lellmann-Schnoerr-siims11,
	author    = {J. Lellmann and C. Schn{\"o}rr},
	title     = {Continuous Multiclass Labeling Approaches and Algorithms},
	journal   = {SIAM J. Imaging Sciences},
	year      = {2011},
	volume    = {4},
	number    = {4},
	pages     = {1049--1096},
}


@inproceedings{Zach-et-al-cvpr12,
  title = {What is optimized in tight convex relaxations for multi-label problems?},
  author = {Zach, Christopher and Hane, Christian and Pollefeys, Marc},
  booktitle = {cvpr},
  pages = {1664-1671},
  year = 2012
}


@article{Chambolle-95,
 author = {Chambolle, Antonin},
 title = {Image segmentation by variational methods: Mumford and Shah functional and the discrete approximations},
 journal = {SIAM J. Appl. Math.},
 volume = {55},
 number = {3},
 month = jun,
 year = {1995},
 issn = {0036-1399},
 pages = {827--863},
 numpages = {37},
} 

@Article{Chambolle-et-al-siims12,
  author =       {A. Chambolle and D. Cremers and T. Pock},  
  title =        {A Convex Approach to Minimal Partitions},
  journal = siims,
  year =      {2012},
  volume =   "5",
  number =   "4",
  pages =    "1113--1158"
}


@BOOK{Ghiglia-Pritt:SAR,
	author    = {D.~C. Ghiglia and M.~D. Pritt},
	title     = {Two-Dimensional Phase Unwrapping: Theory, Algorithms and Software},
	year      = {1998},
	publisher = {John Wiley \& Sons},
}


@BOOK{Rockafellar:ConvexAnalysis,
	author    = {R.~T. Rockafellar},
	title     = {Convex Analysis},
	year      = {1996},
	publisher = {Princeton University Press},
}


@BOOK{Giaquinta-et-al:Currents,
	author    = {M. Giaquinta and G. Modica and J. Sou\v{c}ek},
	title     = {Cartesian Currents in the Calculus of Variations I: Cartesian Currents},
	year      = {1998},
	publisher = {Springer Verlag},
}


@BOOK{Ambrosio-et-al:BV,
	author    = {L. Ambrosio and N. Fusco and D. Pallara},
	title     = {Functions of Boun\-ded Variation and Free Discontinuity Problems},
	year      = {2000},
	publisher = {Oxford University Press},
}




@ARTICLE{Giaquinta-et-al-93,
	title     = {Variational problems for maps of bounded variation with values in $S^1$},
	author    = {M. Giaquinta and G. Modica and J. Sou\v{c}ek},
	journal   = {Calc. Var. Partial Dif.},
	year      = {1993},
	volume    = {1},
	number    = {1},
	pages     = {87--121},
}


@ARTICLE{Giaquinta-Mucci-06,
	title     = {The {BV}-energy of maps into a manifold: relaxation and density results},
	author    = {M. Giaquinta and D. Mucci},
	journal   = {Ann. Scuola Norm. Sup. Pisa Cl. Sci},
	year      = {2006},
	volume    = {5},
	number    = {4},
	pages     = {483--548},
}


@ARTICLE{Giaquinta-Mucci-07,
	title     = {Maps of Bounded Variation with Values into a Manifold: Total Variation and Relaxed Energy},
	author    = {M. Giaquinta and D. Mucci},
	journal   = {Pure Appl. Math. Q.},
	year      = {2007},
	volume    = {3},
	number    = {2},
	pages     = {513--538},
}


@ARTICLE{Boykov-et-al-pami01,
	author    = {Y. Boykov and O. Veksler and R. Zabih},
	title     = {Fast Approximate Energy Minimization via Graph Cuts},
	journal   = {IEEE T. Pattern Anal. Mach. Intell.},
	year      = {2001},
	volume    = {23},
	number    = {11},
	pages     = {1222--1239},
	publisher = {IEEE Computer Society},
} 


@ARTICLE{Nikolova-et-al-06,
	author    = {M. Nikolova and S. Esedoglu and T.~F. Chan},
	title     = {Algorithms for Finding Global Minimizers of Image Segmentation and Denoising   Models},
	journal   = {SIAM J. Appl. Math.},
	year      = {2006},
	volume    = {66},
	number    = {5},
	pages     = {1632--1648},
	publisher = {SIAM},
}


@ARTICLE{Chambolle-Pock-jmiv11,
	author    = {A. Chambolle and T. Pock},
	title     = {A First-Order Primal-Dual Algorithm for Convex Problems with Applications to Imaging},
	journal   = {J. Math. Imaging Vis.},
	year      = {2011},
	volume    = {40},
	issue     = {1},
	pages     = {120--145},
	publisher = {Kluwer Academic Publishers},
} 


@ARTICLE{Marquina-Osher-08,
	author    = {A. Marquina and S.~J. Osher},
	title     = {Image Super-resolution by {TV} Regularization and {B}regman Iteration},
	journal   = {J. Sci. Comput.},
	year      = {2008},
	volume    = {37},
	number    = {3},
	pages     = {367--382},
	publisher = {Plenum Press},
}


@ARTICLE{Bertalmio-et-al-03,
	author    = {M. Bertalmio and L. Vese and G. Sapiro and S.~J. Osher},
	title     = {Simultaneous Structure and Texture Image Inpainting},
	journal   = {IEEE T. Image Process.},
	year      = {2003},
	volume    = {12},
	number    = {8},
	pages     = {882--889},
}


@ARTICLE{Alberti-et-al-03,
	author    = {G. Alberti and G. Bouchitt\'e and G. Dal Maso},
	title     = {The Calibration Method for the Mumford-Shah Functional and Free-discontinuity Problems},
	journal   = {Calc. Var. Partial Dif.},
	year      = {2003},
	number    = {16},
	volume    = {3},
	pages     = {299--333},
}


@ARTICLE{Kovel-et-al-ijcv09,
	author    = {K. Kolev and M. Klodt and T. Brox and D. Cremers},
	title     = {Continuous Global Optimization in Multiview 3D Reconstruction},
	journal   = {Int. J. Comput. Vision},
	year      = {2009},
	volume    = {84},
	number    = {1},
	pages     = {80--96},
} 


@ARTICLE{Stefanovic-et-al-09,
	author    = {P. Stefanovic and M. Haataja and N. Provatas},
	title     = {Phase Field Crystal Study of Deformation and Plasticity in Nanocrystalline Materials},
	journal   = {Phys. Rev. E},
	year      = {2009},
	volume    = {80},
	number    = {4},
	pages     = {046107},
	publisher = {American Physical Society}
}


@ARTICLE{Ostresh-78,
	author    = {L.~M. Ostresh},
	title     = {On the Convergence of a Class of Iterative Methods for Solving the {W}eber Location Problem},
	journal   = {Oper. Res.},
	year      = {1978},
	volume    = {26},
	number    = {4},
	pager     = {597--609},
}




@INPROCEEDINGS{Kleinberg-Tardos-99,
	author    = {J. Kleinberg and E. Tardos},
	title     = {Approximation Algorithms for Classification Problems with Pairwise Relationships: Metric Labeling and Markov Random Fields},
	booktitle = {FOCS},
	year      = {1999},
	pages     = {14--23},
} 


@INPROCEEDINGS{Brox-et-al-eccv04,
	author    = {T. Brox and A. Bruhn and N. Papenberg and J. Weickert},
	title     = {High Accuracy Optical Flow Estimation Based on a Theory for Warping},
	booktitle = {ECCV},
	year      = {2004},
	pages     = {25--36},
}


@INPROCEEDINGS{Shulman-Herve-89,
	author    = {Shulman, D. and Herve, J.Y.},
	title     = {Regularization of Discontinuous Flow Fields},
	booktitle = {Visual Motion},
	year      = {1989},
	pages     = {81--86},
}


@INPROCEEDINGS{Strekalovsiy-Cremers-cvpr11,
	author    = {E. Strekalovskiy and D. Cremers},
	title     = {Total Variation for Cyclic Structures: Convex Relaxation and Efficient Minimization},
	booktitle = {CVPR},
	year      = {2011},
	pages     = {1905--1911},
}


@INPROCEEDINGS{Pock-et-al-cvpr09,
	author    = {T. Pock and A. Chambolle and H. Bischof and D. Cremers},
	title     = {A Convex Relaxation Approach for Computing Minimal Partitions},
	booktitle = {CVPR},
	year      = {2009},
	pages     = {810--817},
}


@INPROCEEDINGS{Pock-et-al-eccv08,
	author    = {T. Pock and T. Schoenemann and G. Graber and H. Bischof and D. Cremers},
	title     = {A Convex Formulation of Continuous Multi-Label Problems},
	booktitle = {ECCV},
	year      = {2008},
	pages     = {792--805},
}


@INPROCEEDINGS{Boerdgen-et-al-10,
	author    = {M. Boerdgen and B. Berkels and M. Rumpf and D. Cremers},
	title     = {Convex Relaxation for Grain Segmentation at Atomic Scale},
	booktitle = {VMV},
	year      = {2010},
	pages     = {179--186},
}


@TECHREPORT{Lellmann-et-al-techrep08,
	author      = {J. Lellmann and J.~H. Kappes and J. Yuan and F. Becker and C. Schn\"{o}rr},
	title       = {Convex Multi-Class Image Labeling by Simplex-\-Con\-strained Total Variation},
	type        = {Tech. Rep.},
	institution = {IWR, Univ. Heidelberg},
	year        = {2008},
	month       = {Oct.},
}


@inproceedings{Pock-Chambolle-iccv11,
  author    = {T. Pock and A. Chambolle},
  title     = {Diagonal Preconditioning for First Order Primal-Dual Algorithms in Convex Optimization},
  booktitle = {ICCV},
  year      = {2011},
  pages     = {1762--1769},
}


